@book{adams1995hitchhiker,
  title={The Hitchhiker's Guide to the Galaxy},
  author={Adams, D.},
  isbn={9781417642595},
  url={http://books.google.com/books?id=W-xMPgAACAAJ},
  year={1995},
  publisher={San Val}
}

@book{
  title={Programming Languages:Structures and models 2Âª ed.},
  author={Dershem, Herbert L.; Jipping, Michael J.},
  isbn={0534947409},
  year={(1995)},
  publisher={PWS Publishing Company}
}